<record><leader>00000cas a2200000 a 4500</leader><controlfield tag="001">14874525</controlfield><controlfield tag="008">861125d18631866inudr ne      0   a0eng c</controlfield><datafield ind1=" " ind2=" " tag="010"><subfield code="a">sn 86059181 </subfield></datafield><datafield ind1=" " ind2=" " tag="040"><subfield code="a">NPI</subfield><subfield code="b">eng</subfield><subfield code="c">NPI</subfield><subfield code="d">NVF</subfield><subfield code="d">CVF</subfield><subfield code="d">OCL</subfield><subfield code="d">DLC</subfield><subfield code="d">OCLCQ</subfield><subfield code="d">OCLCF</subfield><subfield code="d">OCLCO</subfield><subfield code="d">DLC</subfield></datafield><datafield ind1="0" ind2=" " tag="022"><subfield code="a">2381-3288</subfield><subfield code="2">1</subfield></datafield><datafield ind1=" " ind2=" " tag="042"><subfield code="a">pcc</subfield><subfield code="a">nsdp</subfield></datafield><datafield ind1=" " ind2=" " tag="043"><subfield code="a">n-us-in</subfield></datafield><datafield ind1="0" ind2="0" tag="050"><subfield code="a">Newspaper</subfield></datafield><datafield ind1="0" ind2="0" tag="082"><subfield code="a">071</subfield><subfield code="2">23</subfield></datafield><datafield ind1="0" ind2=" " tag="130"><subfield code="a">Evansville daily journal (Evansville, Ind. : 1863)</subfield></datafield><datafield ind1=" " ind2="0" tag="222"><subfield code="a">Evansville daily journal</subfield><subfield code="b">(Evansville, Ind. 1863. Print)</subfield></datafield><datafield ind1="1" ind2="0" tag="245"><subfield code="a">Evansville daily journal.</subfield></datafield><datafield ind1=" " ind2=" " tag="260"><subfield code="a">Evansville, Ind. :</subfield><subfield code="b">Evansville Journal Co.,</subfield><subfield code="c">1863-1866.</subfield></datafield><datafield ind1=" " ind2=" " tag="310"><subfield code="a">Daily (except Sunday)</subfield></datafield><datafield ind1="0" ind2=" " tag="362"><subfield code="a">Vol. 16 (Sept. 21, 1863)-v. 17 (Apr. 18, 1866).</subfield></datafield><datafield ind1=" " ind2=" " tag="500"><subfield code="a">Two editions daily, &lt;1865&gt;.</subfield></datafield><datafield ind1=" " ind2=" " tag="530"><subfield code="a">Archived issues are available in digital format from the Library of Congress Chronicling America online collection.</subfield></datafield><datafield ind1=" " ind2="0" tag="651"><subfield code="a">Evansville (Ind.)</subfield><subfield code="v">Newspapers.</subfield></datafield><datafield ind1=" " ind2="7" tag="651"><subfield code="a">Indiana</subfield><subfield code="z">Evansville.</subfield><subfield code="2">fast</subfield><subfield code="0">(OCoLC)fst01213859</subfield></datafield><datafield ind1=" " ind2="7" tag="655"><subfield code="a">Newspapers.</subfield><subfield code="2">fast</subfield><subfield code="0">(OCoLC)fst01423814</subfield></datafield><datafield ind1=" " ind2=" " tag="752"><subfield code="a">United States</subfield><subfield code="b">Indiana</subfield><subfield code="c">Vanderburgh</subfield><subfield code="d">Evansville.</subfield></datafield><datafield ind1="0" ind2=" " tag="775"><subfield code="t">Weekly Evansville journal</subfield><subfield code="w">(DLC)sn 83025628</subfield></datafield><datafield ind1="0" ind2=" " tag="775"><subfield code="t">Tri-weekly journal (Evansville, Ind.)</subfield><subfield code="w">(DLC)sn 86058890</subfield></datafield><datafield ind1="0" ind2="8" tag="776"><subfield code="i">Online version:</subfield><subfield code="t">Evansville daily journal (Evansville, Ind. : 1863)</subfield><subfield code="x">2381-3296</subfield><subfield code="w">(DLC)  2015218897</subfield><subfield code="w">(OCoLC)922988716</subfield></datafield><datafield ind1="0" ind2="0" tag="780"><subfield code="t">Daily Evansville journal</subfield><subfield code="w">(DLC)sn 86059058</subfield><subfield code="w">(OCoLC)14867848</subfield></datafield><datafield ind1="0" ind2="0" tag="785"><subfield code="t">Evansville journal (Evansville, Ind. : 1866)</subfield><subfield code="w">(DLC)sn 82014296</subfield><subfield code="w">(OCoLC)8769888</subfield></datafield><datafield ind1="4" ind2="1" tag="856"><subfield code="u">http://www.loc.gov/chroniclingamerica/lccn/sn86059181/issues</subfield></datafield></record>